@article{hanisch2020relative,
  title={A relative trace formula for obstacle scattering},
  author={Hanisch, Florian and Strohmaier, Alexander and Waters, Alden},
  journal={arXiv preprint arXiv:2002.07291},
  year={2020}
}

@article{reid2009efficient,
  title={Efficient computation of Casimir interactions between arbitrary 3D objects},
  author={Reid, MT Homer and Rodriguez, Alejandro W and White, Jacob and Johnson, Steven G},
  journal={Physical review letters},
  volume={103},
  number={4},
  pages={040401},
  year={2009},
  publisher={APS}
}

@inproceedings{casimir1948attraction,
  title={On the attraction between two perfectly conducting plates},
  author={Casimir, Hendrick BG},
  booktitle={Proc. Kon. Ned. Akad. Wet.},
  volume={51},
  pages={793},
  year={1948}
}

@article{dzyaloshinskii1961general,
  title={The general theory of van der Waals forces},
  author={Dzyaloshinskii, Igor E and Lifshitz, Efrat M and Pitaevskii, Lev P},
  journal={Advances in Physics},
  volume={10},
  number={38},
  pages={165--209},
  year={1961},
  publisher={Taylor \& Francis}
}

@article{lamoreaux1997demonstration,
  title={Demonstration of the Casimir force in the 0.6 to 6 $\mu$ m range},
  author={Lamoreaux, Steven K},
  journal={Physical Review Letters},
  volume={78},
  number={1},
  pages={5},
  year={1997},
  publisher={APS}
}

@article{ederth2000template,
  title={Template-stripped gold surfaces with 0.4-nm rms roughness suitable for force measurements: Application to the Casimir force in the 20--100-nm range},
  author={Ederth, Thomas},
  journal={Physical Review A},
  volume={62},
  number={6},
  pages={062104},
  year={2000},
  publisher={APS}
}

@article{chan2008measurement,
  title={Measurement of the Casimir force between a gold sphere and a silicon surface with nanoscale trench arrays},
  author={Chan, Ho Bun and Bao, Y and Zou, J and Cirelli, RA and Klemens, F and Mansfield, WM and Pai, CS},
  journal={Physical review letters},
  volume={101},
  number={3},
  pages={030401},
  year={2008},
  publisher={APS}
}

@article{krause2007experimental,
  title={Experimental investigation of the Casimir force beyond the proximity-force approximation},
  author={Krause, DE and Decca, RS and L{\'o}pez, D and Fischbach, E},
  journal={Physical review letters},
  volume={98},
  number={5},
  pages={050403},
  year={2007},
  publisher={APS}
}

@article{bressi2002measurement,
  title={Measurement of the Casimir force between parallel metallic surfaces},
  author={Bressi, Giacomo and Carugno, Giovanni and Onofrio, Roberto and Ruoso, Giuseppe},
  journal={Physical review letters},
  volume={88},
  number={4},
  pages={041804},
  year={2002},
  publisher={APS}
}

@article{emig2008casimir,
  title={Casimir forces between compact objects: The scalar case},
  author={Emig, T and Graham, N and Jaffe, RL and Kardar, M},
  journal={Physical Review D},
  volume={77},
  number={2},
  pages={025005},
  year={2008},
  publisher={APS}
}

@article{emig2007casimir,
  title={Casimir forces between arbitrary compact objects},
  author={Emig, Thorsten and Graham, N and Jaffe, RL and Kardar, M},
  journal={Physical review letters},
  volume={99},
  number={17},
  pages={170403},
  year={2007},
  publisher={APS}
}

@article{waterman1969new,
  title={New formulation of acoustic scattering},
  author={Waterman, PC},
  journal={The journal of the acoustical society of America},
  volume={45},
  number={6},
  pages={1417--1429},
  year={1969},
  publisher={Acoustical Society of America}
}

@article{ganesh2008far,
  title={A far field based T-matrix method for three dimensional acoustic scattering},
  author={Ganesh, Mahadevan and Hawkins, Stuart Collin},
  journal={ANZIAM Journal},
  volume={50},
  pages={121--136},
  year={2008}
}

@incollection{buffa2003galerkin,
  title={Galerkin boundary element methods for electromagnetic scattering},
  author={Buffa, Annalisa and Hiptmair, Ralf},
  booktitle={Topics in computational wave propagation},
  pages={83--124},
  year={2003},
  publisher={Springer}
}

@article{golub2002inverse,
 title={An inverse free preconditioned Krylov subspace method for symmetric generalized eigenvalue problems},
  author={Golub, Gene H and Ye, Qiang},
  journal={SIAM Journal on Scientific Computing},
  volume={24},
  number={1},
  pages={312--334},
  year={2002},
  publisher={SIAM}
}


@book{saad2011numerical,
  title={Numerical methods for large eigenvalue problems: revised edition},
  author={Saad, Yousef},
  year={2011},
  publisher={SIAM}
}
@article{scroggs2017software,
  title={Software frameworks for integral equations in electromagnetic scattering based on Calder{\'o}n identities},
  author={Scroggs, Matthew W and Betcke, Timo and Burman, Erik and {\'S}migaj, Wojciech and vanâ€™t Wout, Elwin},
  journal={Computers \& Mathematics with Applications},
  volume={74},
  number={11},
  pages={2897--2914},
  year={2017},
  publisher={Elsevier}
}

@article{fang2021singularity,
  title={Singularity traces in obstacle scattering and the Poisson relation for the relative trace},
  author={Fang, Yan-Long and Strohmaier, Alexander},
  journal={arXiv preprint arXiv:2104.01017},
  year={2021}
}

@article{money2005algorithm,
  title={Algorithm 845: EIGIFP: A MATLAB program for solving large symmetric generalized eigenvalue problems},
  author={Money, James H and Ye, Qiang},
  journal={ACM Transactions on Mathematical Software (TOMS)},
  volume={31},
  number={2},
  pages={270--279},
  year={2005},
  publisher={ACM New York, NY, USA}
}
@inproceedings{nakatsukasa2015off,
  title={Off-diagonal perturbation, first-order approximation and quadratic residual bounds for matrix eigenvalue problems},
  author={Nakatsukasa, Yuji},
  booktitle={International Workshop on Eigenvalue Problems: Algorithms, Software and Applications in Petascale Computing},
  pages={233--249},
  year={2015},
  organization={Springer}
}

@article{sparnaay1958measurements,
  title={Measurements of attractive forces between flat plates},
  author={Sparnaay, Marcus J},
  journal={Physica},
  volume={24},
  number={6-10},
  pages={751--764},
  year={1958},
  publisher={Elsevier}
}

@article{bordag2001new,
  title={New developments in the Casimir effect},
  author={Bordag, Michael and Mohideen, Umar and Mostepanenko, Vladimir M},
  journal={Physics reports},
  volume={353},
  number={1-3},
  pages={1--205},
  year={2001},
  publisher={Elsevier}
}

@book{bordag2009advances,
  title={Advances in the Casimir effect},
  author={Bordag, Michael and Klimchitskaya, Galina Leonidovna and Mohideen, Umar and Mostepanenko, Vladimir Mikhaylovich},
  volume={145},
  year={2009},
  publisher={OUP Oxford}
}

@article{elizalde1989expressions,
  title={Expressions for the zeta-function regularized Casimir energy},
  author={Elizalde, E and Romeo, A},
  journal={Journal of mathematical physics},
  volume={30},
  number={5},
  pages={1133--1139},
  year={1989},
  publisher={American Institute of Physics}
}

@article{elizalde1990heat,
  title={Heat-kernel approach to the zeta-function regularization of the Casimir energy for domains with curved boundaries},
  author={Elizalde, E and Romeo, A},
  journal={International Journal of Modern Physics A},
  volume={5},
  number={09},
  pages={1653--1669},
  year={1990},
  publisher={World Scientific}
}

@book{kirsten2001spectral,
  title={Spectral functions in mathematics and physics},
  author={Kirsten, Klaus},
  year={2001},
  publisher={Chapman and Hall/CRC}
}

@article{brown1969vacuum,
  title={Vacuum stress between conducting plates: an image solution},
  author={Brown, Lowell S and Maclay, G Jordan},
  journal={Physical Review},
  volume={184},
  number={5},
  pages={1272},
  year={1969},
  publisher={APS}
}

@article{deutsch1979boundary,
  title={Boundary effects in quantum field theory},
  author={Deutsch, David and Candelas, P},
  journal={Physical Review D},
  volume={20},
  number={12},
  pages={3063},
  year={1979},
  publisher={APS}
}

@article{kay1979casimir,
  title={Casimir effect in quantum field theory},
  author={Kay, Bernard S},
  journal={Physical Review D},
  volume={20},
  number={12},
  pages={3052},
  year={1979},
  publisher={APS}
}

@article{scharf1992casimir,
  title={On the Casimir effect without cutoff},
  author={Scharf, G and Wreszinski, WF},
  journal={Foundations of Physics Letters},
  volume={5},
  number={5},
  pages={479--487},
  year={1992},
  publisher={Springer}
}

@article{fulling2007vacuum,
  title={Vacuum energy as spectral geometry},
  author={Fulling, Stephen A and others},
  journal={SIGMA. Symmetry, Integrability and Geometry: Methods and Applications},
  volume={3},
  pages={094},
  year={2007},
  publisher={SIGMA. Symmetry, Integrability and Geometry: Methods and Applications}
}

@article{renne1971microscopic,
  title={Microscopic theory of retarded van der Waals forces between macroscopic dielectric bodies},
  author={Renne, MJ},
  journal={Physica},
  volume={56},
  number={1},
  pages={125--137},
  year={1971},
  publisher={Elsevier}
}

@article{bimonte2017nonequilibrium,
  title={Nonequilibrium fluctuational quantum electrodynamics: Heat radiation, heat transfer, and force},
  author={Bimonte, Giuseppe and Emig, Thorsten and Kardar, Mehran and Kr{\"u}ger, Matthias},
  journal={Annual Review of Condensed Matter Physics},
  volume={8},
  pages={119--143},
  year={2017},
  publisher={Annual Reviews}
}

@article{emig2006casimir,
  title={Casimir interaction between a plate and a cylinder},
  author={Emig, T and Jaffe, RL and Kardar, M and Scardicchio, A},
  journal={Physical review letters},
  volume={96},
  number={8},
  pages={080403},
  year={2006},
  publisher={APS}
}

@article{EGJK2008,
  title={Casimir forces between arbitrary compact objects},
  author={Emig, T and Jaffe, RL},
  journal={Journal of Physics A: Mathematical and Theoretical},
  volume={41},
  number={16},
  pages={164001},
  year={2008},
  publisher={IOP Publishing}
}

@article{kenneth2006opposites,
  title={Opposites attract: A theorem about the Casimir force},
  author={Kenneth, Oded and Klich, Israel},
  journal={Physical review letters},
  volume={97},
  number={16},
  pages={160401},
  year={2006},
  publisher={APS}
}

@article{kenneth2008casimir,
  title={Casimir forces in a T-operator approach},
  author={Kenneth, Oded and Klich, Israel},
  journal={Physical Review B},
  volume={78},
  number={1},
  pages={014103},
  year={2008},
  publisher={APS}
}

@article{milton2008multiple,
  title={Multiple scattering methods in Casimir calculations},
  author={Milton, Kimball A and Wagner, Jef},
  journal={Journal of Physics A: Mathematical and Theoretical},
  volume={41},
  number={15},
  pages={155402},
  year={2008},
  publisher={IOP Publishing}
}

@article{rahi2009scattering,
  title={Scattering theory approach to electrodynamic Casimir forces},
  author={Rahi, Sahand Jamal and Emig, Thorsten and Graham, Noah and Jaffe, Robert L and Kardar, Mehran},
  journal={Physical Review D},
  volume={80},
  number={8},
  pages={085021},
  year={2009},
  publisher={APS}
}

@article{strohmaier2021classical,
  title={The classical and quantum photon field for non-compact manifolds with boundary and in possibly inhomogeneous media},
  author={Strohmaier, Alexander},
  journal={Communications in Mathematical Physics},
  volume={387},
  number={3},
  pages={1441--1489},
  year={2021},
  publisher={Springer}
}

@inproceedings{fang2021mathematical,
  title={A mathematical analysis of Casimir interactions I: The scalar field},
  author={Fang, Yan-Long and Strohmaier, Alexander},
  booktitle={Annales Henri Poincar{\'e}},
  pages={1--51},
  year={2021},
  organization={Springer}
}


@article{MathiasRoy1998QRBf,
	address = {Philadelphia},
	author = {Mathias, Roy},
	copyright = {[Copyright] {\copyright} 1998 Society for Industrial and Applied Mathematics},
	issn = {0895-4798},
	journal = {SIAM journal on matrix analysis and applications},
	keywords = {Eigen values ; Inequality ; Linear algebra},
	language = {eng},
	number = {2},
	pages = {541-550},
	publisher = {Society for Industrial and Applied Mathematics},
	title = {Quadratic Residual Bounds for the Hermitian Eigenvalue Problem},
	volume = {19},
	year = {1998}
}
