@article{hanisch2020relative,
  title={A relative trace formula for obstacle scattering},
  author={Hanisch, Florian and Strohmaier, Alexander and Waters, Alden},
  journal={arXiv preprint arXiv:2002.07291},
  year={2020}
}

@article{reid2009efficient,
  title={Efficient computation of Casimir interactions between arbitrary 3D objects},
  author={Reid, MT Homer and Rodriguez, Alejandro W and White, Jacob and Johnson, Steven G},
  journal={Physical review letters},
  volume={103},
  number={4},
  pages={040401},
  year={2009},
  publisher={APS}
}

@inproceedings{casimir1948attraction,
  title={On the attraction between two perfectly conducting plates},
  author={Casimir, Hendrick BG},
  booktitle={Proc. Kon. Ned. Akad. Wet.},
  volume={51},
  pages={793},
  year={1948}
}

@article{dzyaloshinskii1961general,
  title={The general theory of van der Waals forces},
  author={Dzyaloshinskii, Igor E and Lifshitz, Efrat M and Pitaevskii, Lev P},
  journal={Advances in Physics},
  volume={10},
  number={38},
  pages={165--209},
  year={1961},
  publisher={Taylor \& Francis}
}

@article{lamoreaux1997demonstration,
  title={Demonstration of the Casimir force in the 0.6 to 6 $\mu$ m range},
  author={Lamoreaux, Steven K},
  journal={Physical Review Letters},
  volume={78},
  number={1},
  pages={5},
  year={1997},
  publisher={APS}
}

@article{ederth2000template,
  title={Template-stripped gold surfaces with 0.4-nm rms roughness suitable for force measurements: Application to the Casimir force in the 20--100-nm range},
  author={Ederth, Thomas},
  journal={Physical Review A},
  volume={62},
  number={6},
  pages={062104},
  year={2000},
  publisher={APS}
}

@article{chan2008measurement,
  title={Measurement of the Casimir force between a gold sphere and a silicon surface with nanoscale trench arrays},
  author={Chan, Ho Bun and Bao, Y and Zou, J and Cirelli, RA and Klemens, F and Mansfield, WM and Pai, CS},
  journal={Physical review letters},
  volume={101},
  number={3},
  pages={030401},
  year={2008},
  publisher={APS}
}

@article{krause2007experimental,
  title={Experimental investigation of the Casimir force beyond the proximity-force approximation},
  author={Krause, DE and Decca, RS and L{\'o}pez, D and Fischbach, E},
  journal={Physical review letters},
  volume={98},
  number={5},
  pages={050403},
  year={2007},
  publisher={APS}
}

@article{bressi2002measurement,
  title={Measurement of the Casimir force between parallel metallic surfaces},
  author={Bressi, Giacomo and Carugno, Giovanni and Onofrio, Roberto and Ruoso, Giuseppe},
  journal={Physical review letters},
  volume={88},
  number={4},
  pages={041804},
  year={2002},
  publisher={APS}
}

@article{emig2008casimir,
  title={Casimir forces between compact objects: The scalar case},
  author={Emig, T and Graham, N and Jaffe, RL and Kardar, M},
  journal={Physical Review D},
  volume={77},
  number={2},
  pages={025005},
  year={2008},
  publisher={APS}
}

@article{emig2007casimir,
  title={Casimir forces between arbitrary compact objects},
  author={Emig, Thorsten and Graham, N and Jaffe, RL and Kardar, M},
  journal={Physical review letters},
  volume={99},
  number={17},
  pages={170403},
  year={2007},
  publisher={APS}
}

@article{waterman1969new,
  title={New formulation of acoustic scattering},
  author={Waterman, PC},
  journal={The journal of the acoustical society of America},
  volume={45},
  number={6},
  pages={1417--1429},
  year={1969},
  publisher={Acoustical Society of America}
}

@article{ganesh2008far,
  title={A far field based T-matrix method for three dimensional acoustic scattering},
  author={Ganesh, Mahadevan and Hawkins, Stuart Collin},
  journal={ANZIAM Journal},
  volume={50},
  pages={121--136},
  year={2008}
}

@incollection{buffa2003galerkin,
  title={Galerkin boundary element methods for electromagnetic scattering},
  author={Buffa, Annalisa and Hiptmair, Ralf},
  booktitle={Topics in computational wave propagation},
  pages={83--124},
  year={2003},
  publisher={Springer}
}

@article{golub2002inverse,
  title={An inverse free preconditioned Krylov subspace method for symmetric generalized eigenvalue problems},
  author={Golub, Gene H and Ye, Qiang},
  journal={SIAM Journal on Scientific Computing},
  volume={24},
  number={1},
  pages={312--334},
  year={2002},
  publisher={SIAM}
}